@inproceedings{DBLP:conf/ndss/ChoKYP17,
	author    = {Yeongpil Cho and
	Donghyun Kwon and
	Hayoon Yi and
	Yunheung Paek},
	title     = {Dynamic Virtual Address Range Adjustment for Intra-Level Privilege
	Separation on {ARM}},
	booktitle = {24th Annual Network and Distributed System Security Symposium, {NDSS}
	2017, San Diego, California, USA, February 26 - March 1, 2017},
	year      = {2017},
	doi       = {10.14722/ndss.2017.23024},
	biburl    = {https://dblp.org/rec/bib/conf/ndss/ChoKYP17}
}

@inproceedings{DBLP:conf/hpca/WuLLCZG18,
	author    = {Yuming Wu and
	Yutao Liu and
	Ruifeng Liu and
	Haibo Chen and
	Binyu Zang and
	Haibing Guan},
	title     = {Comprehensive {VM} Protection Against Untrusted Hypervisor Through
	Retrofitted {AMD} Memory Encryption},
	booktitle = {{IEEE} International Symposium on High Performance Computer Architecture,
	{HPCA} 2018, Vienna, Austria, February 24-28, 2018},
	publisher = {{IEEE} Computer Society},
	year      = {2018},
	pages     = {441--453},
	doi       = {10.1109/HPCA.2018.00045},
	biburl    = {https://dblp.org/rec/bib/conf/hpca/WuLLCZG18}
}

@inproceedings{DBLP:conf/osdi/Ben-YehudaDDFHGLWY10,
	author    = {Muli Ben{-}Yehuda and
	Michael D. Day and
	Zvi Dubitzky and
	Michael Factor and
	Nadav Har'El and
	Abel Gordon and
	Anthony Liguori and
	Orit Wasserman and
	Ben{-}Ami Yassour},
	title     = {The Turtles Project: Design and Implementation of Nested Virtualization},
	booktitle = {9th {USENIX} Symposium on Operating Systems Design and Implementation,
	{OSDI} 2010, October 4-6, 2010, Vancouver, BC, Canada, Proceedings},
	publisher = {{USENIX} Association},
	year      = {2010},
	pages     = {423--436},
	biburl    = {https://dblp.org/rec/bib/conf/osdi/Ben-YehudaDDFHGLWY10}
}

@inproceedings{DBLP:conf/sosp/ZhangCCZ11,
	author    = {Fengzhe Zhang and
	Jin Chen and
	Haibo Chen and
	Binyu Zang},
	title     = {CloudVisor: retrofitting protection of virtual machines in multi-tenant
	cloud with nested virtualization},
	booktitle = {Proceedings of the 23rd {ACM} Symposium on Operating Systems Principles
	2011, {SOSP} 2011, Cascais, Portugal, October 23-26, 2011},
	publisher = {{ACM}},
	year      = {2011},
	pages     = {203--216},
	doi       = {10.1145/2043556.2043576},
	biburl    = {https://dblp.org/rec/bib/conf/sosp/ZhangCCZ11}
}

@article{DBLP:journals/pomacs/WeiZT19,
	author    = {Song Wei and
	Kun Zhang and
	Bibo Tu},
	title     = {HyperBench: {A} Benchmark Suite for Virtualization Capabilities},
	journal   = {{POMACS}},
	volume    = {3},
	number    = {2},
	year      = {2019},
	pages     = {24:1--24:22},
	doi       = {10.1145/3341617.3326138},
	biburl    = {https://dblp.org/rec/bib/journals/pomacs/WeiZT19}
}

@inproceedings{DBLP:conf/ccs/MoonLLKPK12,
	author    = {Hyungon Moon and
	Hojoon Lee and
	Jihoon Lee and
	Kihwan Kim and
	Yunheung Paek and
	Brent ByungHoon Kang},
	title     = {Vigilare: toward snoop-based kernel integrity monitor},
	booktitle = {the {ACM} Conference on Computer and Communications Security, CCS'12,
	Raleigh, NC, USA, October 16-18, 2012},
	publisher = {{ACM}},
	year      = {2012},
	pages     = {28--37},
	doi       = {10.1145/2382196.2382202},
	biburl    = {https://dblp.org/rec/bib/conf/ccs/MoonLLKPK12}
}

@article{DBLP:journals/tdsc/LeeMHJJKPK19,
	author    = {Hojoon Lee and
	Hyungon Moon and
	Ingoo Heo and
	DaeHee Jang and
	Jinsoo Jang and
	Kihwan Kim and
	Yunheung Paek and
	Brent ByungHoon Kang},
	title     = {KI-Mon {ARM:} {A} Hardware-Assisted Event-triggered Monitoring Platform
	for Mutable Kernel Object},
	journal   = {{IEEE} Trans. Dependable Sec. Comput.},
	volume    = {16},
	number    = {2},
	pages     = {287--300},
	year      = {2019},
	doi       = {10.1109/TDSC.2017.2679710},
	biburl    = {https://dblp.org/rec/bib/journals/tdsc/LeeMHJJKPK19}
}

@article{DBLP:journals/tocs/BaumannPH15,
	author    = {Andrew Baumann and
	Marcus Peinado and
	Galen C. Hunt},
	title     = {Shielding Applications from an Untrusted Cloud with Haven},
	journal   = {{ACM} Trans. Comput. Syst.},
	volume    = {33},
	number    = {3},
	pages     = {8:1--8:26},
	year      = {2015},
	doi       = {10.1145/2799647},
	biburl    = {https://dblp.org/rec/bib/journals/tocs/BaumannPH15}
}

@inproceedings{DBLP:conf/isca/HoekstraLPPC13,
	author    = {Matthew Hoekstra and
	Reshma Lal and
	Pradeep Pappachan and
	Vinay Phegade and
	Juan del Cuvillo},
	title     = {Using innovative instructions to create trustworthy software solutions},
	booktitle = {{HASP} 2013, The Second Workshop on Hardware and Architectural Support
	for Security and Privacy, Tel-Aviv, Israel, June 23-24, 2013},
	pages     = {11},
	publisher = {{ACM}},
	year      = {2013},
	doi       = {10.1145/2487726.2488370},
	biburl    = {https://dblp.org/rec/bib/conf/isca/HoekstraLPPC13}
}

@inproceedings{DBLP:conf/isca/McKeenABRSSS13,
	author    = {Frank McKeen and
	Ilya Alexandrovich and
	Alex Berenzon and
	Carlos V. Rozas and
	Hisham Shafi and
	Vedvyas Shanbhogue and
	Uday R. Savagaonkar},
	title     = {Innovative instructions and software model for isolated execution},
	booktitle = {{HASP} 2013, The Second Workshop on Hardware and Architectural Support
	for Security and Privacy, Tel-Aviv, Israel, June 23-24, 2013},
	pages     = {10},
	publisher = {{ACM}},
	year      = {2013},
	doi       = {10.1145/2487726.2488368},
	biburl    = {https://dblp.org/rec/bib/conf/isca/McKeenABRSSS13}
}

@inproceedings{DBLP:conf/ndss/ShiWXDCZL17,
	author    = {Le Shi and
	Yuming Wu and
	Yubin Xia and
	Nathan Dautenhahn and
	Haibo Chen and
	Binyu Zang and
	Jinming Li},
	title     = {Deconstructing Xen},
	booktitle = {24th Annual Network and Distributed System Security Symposium, {NDSS}
	2017, San Diego, California, USA, February 26 - March 1, 2017},
	publisher = {The Internet Society},
	year      = {2017},
	doi = {10.14722/ndss.2017.23455},
	biburl    = {https://dblp.org/rec/bib/conf/ndss/ShiWXDCZL17}
}

@inproceedings{DBLP:conf/eurosys/SteinbergK10,
	author    = {Udo Steinberg and
	Bernhard Kauer},
	title     = {{NOVA:} a microhypervisor-based secure virtualization architecture},
	booktitle = {European Conference on Computer Systems, Proceedings of the 5th European
	conference on Computer systems, EuroSys 2010, Paris, France, April
	13-16, 2010},
	pages     = {209--222},
	publisher = {{ACM}},
	year      = {2010},
	doi       = {10.1145/1755913.1755935},
	biburl    = {https://dblp.org/rec/bib/conf/eurosys/SteinbergK10}
}

@inproceedings{DBLP:conf/eurosys/WangWGJ12,
	author    = {Zhi Wang and
	Chiachih Wu and
	Michael C. Grace and
	Xuxian Jiang},
	title     = {Isolating commodity hosted hypervisors with HyperLock},
	booktitle = {European Conference on Computer Systems, Proceedings of the Seventh
	EuroSys Conference 2012, EuroSys '12, Bern, Switzerland, April 10-13,
	2012},
	pages     = {127--140},
	publisher = {{ACM}},
	year      = {2012},
	doi       = {10.1145/2168836.2168850},
	biburl    = {https://dblp.org/rec/bib/conf/eurosys/WangWGJ12}
}

@inproceedings{DBLP:conf/ndss/AzabSBMSWN16,
	author    = {Ahmed M. Azab and
	Kirk Swidowski and
	Rohan Bhutkar and
	Jia Ma and
	Wenbo Shen and
	Ruowen Wang and
	Peng Ning},
	title     = {{SKEE:} {A} lightweight Secure Kernel-level Execution Environment
	for {ARM}},
	booktitle = {23rd Annual Network and Distributed System Security Symposium, {NDSS}
	2016, San Diego, California, USA, February 21-24, 2016},
	publisher = {The Internet Society},
	year      = {2016},
	doi = {10.14722/ndss.2016.23009},
	biburl    = {https://dblp.org/rec/bib/conf/ndss/AzabSBMSWN16}
}

@inproceedings{DBLP:conf/usenix/WangCWQZ15,
	author    = {Xiaoguang Wang and
	Yue Chen and
	Zhi Wang and
	Yong Qi and
	Yajin Zhou},
	title     = {SecPod: a Framework for Virtualization-based Security Systems},
	booktitle = {2015 {USENIX} Annual Technical Conference, {USENIX} {ATC} '15, July
	8-10, Santa Clara, CA, {USA}},
	pages     = {347--360},
	publisher = {{USENIX} Association},
	year      = {2015},
	biburl    = {https://dblp.org/rec/bib/conf/usenix/WangCWQZ15}
}

@article{DBLP:conf/vee/DengLXCZ17,
	author    = {Liang Deng and
	Peng Liu and
	Jun Xu and
	Ping Chen and
	Qingkai Zeng},
	title     = {Dancing with Wolves: Towards Practical Event-driven {VMM} Monitoring},
	booktitle = {Proceedings of the 13th {ACM} {SIGPLAN/SIGOPS} International Conference
	on Virtual Execution Environments, {VEE} 2017, Xi'an, China, April
	8-9, 2017},
	journal   = {ACM SIGPLAN Notices},
	pages     = {83--96},
	volume    = {52},
	publisher = {{ACM}},
	year      = {2017},
	month     = {04},
	doi       = {10.1145/3050748.3050750},
	biburl    = {https://dblp.org/rec/bib/conf/vee/DengLXCZ17}
}

@article{hai2011virtual,
	title={Virtual machine VCPU scheduling in the multi-core environment: issues and challenges},
	author={Hai, Jin and Alin, Zhong and Song, Wu and Xuanhua, Shi},
	journal={Journal of Computer Research and Development},
	volume={48},
	number={7},
	pages={1216--1224},
	year={2011}
}
@Misc{epturl,
	howpublished = {\url{https://www.vmware.com/pdf/Perf_ESX_Intel-EPT-eval.pdf}},
	note = {Accessed November 29, 2019},
	title = {Performance Evaluation of Intel EPT Hardware Assist},
}

@Misc{shadowpturl,
	howpublished = {\url{https://en.wikipedia.org/wiki/Shadow_table}},
	note = {Accessed November 29, 2019},
	title = {Shadow Table},
}
@article{mijat2011virtualization,
	title={Virtualization is coming to a platform near you},
	author={Mijat, Roberto and Nightingale, Andy}
}
@inproceedings{murray2008privilege,
	title={Privilege separation made easy: trusting small libraries not big processes},
	author={Murray, Derek G and Hand, Steven},
	booktitle={Proceedings of the 1st European Workshop on System Security},
	pages={40--46},
	year={2008},
	organization={ACM}
}
@inproceedings{burdonov2009virtualization,
	title={Virtualization-based separation of privilege: working with sensitive data in untrusted environment},
	author={Burdonov, Igor and Kosachev, Alexander and Iakovenko, Pavel},
	booktitle={Proceedings of the 1st EuroSys Workshop on Virtualization Technology for Dependable Systems},
	pages={1--6},
	year={2009},
	organization={ACM}
}
@inproceedings{chen2011linux,
	title={Linux kernel vulnerabilities: State-of-the-art defenses and open problems},
	author={Chen, Haogang and Mao, Yandong and Wang, Xi and Zhou, Dong and Zeldovich, Nickolai and Kaashoek, M Frans},
	booktitle={Proceedings of the Second Asia-Pacific Workshop on Systems},
	pages={5},
	year={2011},
	organization={ACM}
}
@article{sgx1,
	title={Using innovative instructions to create trustworthy software solutions.},
	author={Hoekstra, Matthew and Lal, Reshma and Pappachan, Pradeep and Phegade, Vinay and Del Cuvillo, Juan},
	journal={HASP@ ISCA},
	volume={11},
	year={2013}
}
@inproceedings{sgx2,
	title={Innovative technology for CPU based attestation and sealing},
	author={Anati, Ittai and Gueron, Shay and Johnson, Simon and Scarlata, Vincent},
	booktitle={Proceedings of the 2nd international workshop on hardware and architectural support for security and privacy},
	volume={13},
	year={2013},
	organization={ACM New York, NY, USA}
}
@article{sgx3,
	title={Innovative instructions and software model for isolated execution.},
	author={McKeen, Frank and Alexandrovich, Ilya and Berenzon, Alex and Rozas, Carlos V and Shafi, Hisham and Shanbhogue, Vedvyas and Savagaonkar, Uday R},
	journal={HASP@ ISCA},
	volume={10},
	year={2013}
}

@article{sgxexplain,
	title={Intel SGX Explained.},
	author={Costan, Victor and Devadas, Srinivas},
	journal={IACR Cryptology ePrint Archive},
	volume={2016},
	number={086},
	pages={1--118},
	year={2016}
}
@inproceedings{coplilot,
	title={Copilot-a Coprocessor-based Kernel Runtime Integrity Monitor.},
	author={Petroni Jr, Nick L and Fraser, Timothy and Molina, Jesus and Arbaugh, William A},
	booktitle={USENIX Security Symposium},
	pages={179--194},
	year={2004},
	organization={San Diego, USA}
}
@article{ki-mon,
	title={KI-Mon ARM: A Hardware-assisted Event-triggered Monitoring Platform for Mutable Kernel Object},
	author={Lee, Hojoon and Moon, Hyungon and Heo, Ingoo and Jang, Daehee and Jang, Jinsoo and Kim, Kihwan and Paek, Yunheung and Kang, Brent},
	journal={IEEE Transactions on Dependable and Secure Computing},
	year={2017},
	publisher={IEEE}
}
@inproceedings{vigilare,
	title={Vigilare: toward snoop-based kernel integrity monitor},
	author={Moon, Hyungon and Lee, Hojoon and Lee, Jihoon and Kim, Kihwan and Paek, Yunheung and Kang, Brent Byunghoon},
	booktitle={Proceedings of the 2012 ACM conference on Computer and communications security},
	pages={28--37},
	year={2012},
	organization={ACM}
}
@inproceedings{perez2013characterizing,
	title={Characterizing hypervisor vulnerabilities in cloud computing servers},
	author={Perez-Botero, Diego and Szefer, Jakub and Lee, Ruby B},
	booktitle={Proceedings of the 2013 international workshop on Security in cloud computing},
	pages={3--10},
	year={2013},
	organization={ACM}
}
@inproceedings{sel413,
	title={seL4: from general purpose to a proof of information flow enforcement},
	author={Murray, Toby and Matichuk, Daniel and Brassil, Matthew and Gammie, Peter and Bourke, Timothy and Seefried, Sean and Lewis, Corey and Gao, Xin and Klein, Gerwin},
	booktitle={Security and Privacy (SP), 2013 IEEE Symposium on},
	pages={415--429},
	year={2013},
	organization={IEEE}
}
@inproceedings{sel4,
	title={seL4: Formal verification of an OS kernel},
	author={Klein, Gerwin and Elphinstone, Kevin and Heiser, Gernot and Andronick, June and Cock, David and Derrin, Philip and Elkaduwe, Dhammika and Engelhardt, Kai and Kolanski, Rafal and Norrish, Michael and others},
	booktitle={Proceedings of the ACM SIGOPS 22nd symposium on Operating systems principles},
	pages={207--220},
	year={2009},
	organization={ACM}
}
@inproceedings{hyperSafe,
	title={Hypersafe: A lightweight approach to provide lifetime hypervisor control-flow integrity},
	author={Wang, Zhi and Jiang, Xuxian},
	booktitle={Security and Privacy (SP), 2010 IEEE Symposium on},
	pages={380--395},
	year={2010},
	organization={IEEE}
}
@inproceedings{hypersentry,
	title={HyperSentry: enabling stealthy in-context measurement of hypervisor integrity},
	author={Azab, Ahmed M and Ning, Peng and Wang, Zhi and Jiang, Xuxian and Zhang, Xiaolan and Skalsky, Nathan C},
	booktitle={Proceedings of the 17th ACM conference on Computer and communications security},
	pages={38--49},
	year={2010},
	organization={ACM}
}
@inproceedings{memsafe,
	title={Memory Safety for Low-Level Software/Hardware Interactions.},
	author={Criswell, John and Geoffray, Nicolas and Adve, Vikram S},
	booktitle={USENIX Security Symposium},
	pages={83--100},
	year={2009}
}
@inproceedings{seccloud,
	title={Eliminating the hypervisor attack surface for a more secure cloud},
	author={Szefer, Jakub and Keller, Eric and Lee, Ruby B and Rexford, Jennifer},
	booktitle={Proceedings of the 18th ACM conference on Computer and communications security},
	pages={401--412},
	year={2011},
	organization={ACM}
}
@inproceedings{break,
	title={Breaking up is hard to do: security and functionality in a commodity hypervisor},
	author={Colp, Patrick and Nanavati, Mihir and Zhu, Jun and Aiello, William and Coker, George and Deegan, Tim and Loscocco, Peter and Warfield, Andrew},
	booktitle={Proceedings of the Twenty-Third ACM Symposium on Operating Systems Principles},
	pages={189--202},
	year={2011},
	organization={ACM}
}
