@inproceedings{sgxside,
  title={Malware guard extension: Using SGX to conceal cache attacks},
  author={Schwarz, Michael and Weiser, Samuel and Gruss, Daniel and Maurice, Cl{\'e}mentine and Mangard, Stefan},
  booktitle={International Conference on Detection of Intrusions and Malware, and Vulnerability Assessment},
  pages={3--24},
  year={2017},
  organization={Springer}
}
@inproceedings{sgxcontainer,
  title={$\{$SCONE$\}$: Secure Linux Containers with Intel $\{$SGX$\}$},
  author={Arnautov, Sergei and Trach, Bohdan and Gregor, Franz and Knauth, Thomas and Martin, Andre and Priebe, Christian and Lind, Joshua and Muthukumaran, Divya and O'keeffe, Dan and Stillwell, Mark L and others},
  booktitle={12th $\{$USENIX$\}$ Symposium on Operating Systems Design and Implementation ($\{$OSDI$\}$ 16)},
  pages={689--703},
  year={2016}
}
@article{sgxexplain,
  title={Intel SGX Explained.},
  author={Costan, Victor and Devadas, Srinivas},
  journal={IACR Cryptology ePrint Archive},
  volume={2016},
  number={086},
  pages={1--118},
  year={2016}
}
@article{sideattack,
  title={Software mitigations to hedge AES against cache-based software side channel vulnerabilities.},
  author={Brickell, Ernie and Graunke, Gary and Neve, Michael and Seifert, Jean-Pierre},
  journal={IACR Cryptology ePrint Archive},
  volume={2006},
  pages={52},
  year={2006},
  publisher={Citeseer}
}
@article{sideservey18,
  title={Survey of microarchitectural side and covert channels, attacks, and defenses},
  author={Szefer, Jakub},
  journal={Journal of Hardware and Systems Security},
  pages={1--16},
  year={2018},
  publisher={Springer}
}
@misc{codelines,
    title = {Lines of code in the linux kernel},
    howpublished = {\url{https://www.reddit.com/r/linux/comments/9uxwli/lines_of_code_in_the_linux_kernel/}},
    note = {reddit},
    year = {2019}
}
@misc{top25,
    title = {CWE VIEW: Weaknesses in the 2011 CWE/SANS Top 25 Most Dangerous Software Errors},
    howpublished = {\url{http://cwe.mitre.org/data/definitions/900.html}},
    note = {mitre},
    year = {2019}
}
@misc{vmwarecve,
    title = {Vmware: Vulnerability Statistics},
    howpublished = {\url{https://www.cvedetails.com/vendor/252/Vmware.html}},
    note = {CVE Details},
    year = {2019}
}
@misc{xencve,
    title = {Xen: Vulnerability Statistics},
    howpublished = {\url{https://www.cvedetails.com/vendor/6276/XEN.html}},
    note = {CVE Details},
    year = {2019}
}
@article{selinux,
  title={Implementing SELinux as a Linux security module},
  author={Smalley, Stephen and Vance, Chris and Salamon, Wayne},
  journal={NAI Labs Report},
  volume={1},
  number={43},
  pages={139},
  year={2001}
}
@article{apparmor,
  title={Paranoid penguin: an introduction to Novell AppArmor},
  author={Bauer, Mick},
  journal={Linux Journal},
  volume={2006},
  number={148},
  pages={13},
  year={2006},
  publisher={Belltown Media}
}
@misc{pauth,
    title = {Intel Trusted Execution Technology},
    howpublished = {\url{https://www.intel.com/content/dam/www/public/us/en/documents/white-papers/trusted-execution-technology-security-paper.pdf}},
    note = {Intel},
    year = {2017}
}
@misc{txtintel,
    author={Mark Rutland},
    title = {ARMv8.3 Pointer Authentication},
    howpublished = {\url{http://events17.linuxfoundation.org/sites/events/files/slides/slides_23.pdf}},
    note = {Linux Security Summit},
    year = {2017}
}
@misc{ima,
    author={Dmitry Kasatkin, mzohar},
    title = {Integrity Measurement Architecture (IMA) wiki pages},
    howpublished = {\url{https://sourceforge.net/p/linux-ima/wiki/Home/}},
    note = {Accessed:2018-03-20}
}
@misc{dmverity,
    title = {dm-verity project pages.},
    howpublished = {\url{https://source.android.com/security/verifiedboot/dm-verity}},
    note = {Accessed:2018-03-20}
}
@misc{cve,
    title = {National Vulnerability Database. 2017. NVD: Statistics.},
    howpublished = {\url{https://nvd.nist.gov/vuln/search/statistics?adv_search=true&form_type=advanced&results_type=statistics&query=kernel}},
    year={2017}
}
@inproceedings{retlibc,
  title={On the expressiveness of return-into-libc attacks},
  author={Tran, Minh and Etheridge, Mark and Bletsch, Tyler and Jiang, Xuxian and Freeh, Vincent and Ning, Peng},
  booktitle={International Workshop on Recent Advances in Intrusion Detection},
  pages={121--141},
  year={2011},
  organization={Springer}
}
@article{rop,
  title={Return-oriented programming},
  author={Prandini, Marco and Ramilli, Marco},
  journal={IEEE Security \& Privacy},
  volume={10},
  number={6},
  pages={84--87},
  year={2012},
  publisher={IEEE}
}
@inproceedings{ropwithoutret,
  title={Return-oriented programming without returns},
  author={Checkoway, Stephen and Davi, Lucas and Dmitrienko, Alexandra and Sadeghi, Ahmad-Reza and Shacham, Hovav and Winandy, Marcel},
  booktitle={Proceedings of the 17th ACM conference on Computer and communications security},
  pages={559--572},
  year={2010},
  organization={ACM}
}
@inproceedings{ropwithoutcall,
  title={The geometry of innocent flesh on the bone: Return-into-libc without function calls (on the x86)},
  author={Shacham, Hovav},
  booktitle={Proceedings of the 14th ACM conference on Computer and communications security},
  pages={552--561},
  year={2007},
  organization={ACM}
}
@inproceedings{jop,
  title={Jump-oriented programming: a new class of code-reuse attack},
  author={Bletsch, Tyler and Jiang, Xuxian and Freeh, Vince W and Liang, Zhenkai},
  booktitle={Proceedings of the 6th ACM Symposium on Information, Computer and Communications Security},
  pages={30--40},
  year={2011},
  organization={ACM}
}
@inproceedings{dop,
  title={Data-oriented programming: On the expressiveness of non-control data attacks},
  author={Hu, Hong and Shinde, Shweta and Adrian, Sendroiu and Chua, Zheng Leong and Saxena, Prateek and Liang, Zhenkai},
  booktitle={Security and Privacy (SP), 2016 IEEE Symposium on},
  pages={969--986},
  year={2016},
  organization={IEEE}
}
@inproceedings{nondata,
  title={Non-Control-Data Attacks Are Realistic Threats.},
  author={Chen, Shuo and Xu, Jun and Sezer, Emre Can and Gauriar, Prachi and Iyer, Ravishankar K},
  booktitle={USENIX Security Symposium},
  volume={5},
  year={2005}
}
@inproceedings{bkmemsec,
  title={Breaking the memory secrecy assumption},
  author={Strackx, Raoul and Younan, Yves and Philippaerts, Pieter and Piessens, Frank and Lachmund, Sven and Walter, Thomas},
  booktitle={Proceedings of the Second European Workshop on System Security},
  pages={1--8},
  year={2009},
  organization={ACM}
}
@inproceedings{infoleak,
  title={CVE-2012-0769, the case of the perfect info leak},
  author={Serna, Fermin J},
  booktitle={Blackhat Conference, Feb},
  year={2012}
}
@article{heartbleed,
  title={Heartbleed bug: Anopenssl heartbeat vulnerability},
  author={Gujrathi, Siddharth},
  journal={International Journal of Computer Science and Engine ter Science and Engineering},
  volume={2},
  number={5},
  pages={61--64},
  year={2014}
}
@misc{bugfix,
    title = {Status of the Kernel Self Protection Project.},
    author = {Kees Cook},
    howpublished = {\url{www.outflux.net/slides/2016/lss/kspp.pdf}},
    year={2016}
}
@misc{stackcookie,
  title={Protecting from stack-smashing attacks},
  author={Etoh, Hiroaki and Yoda, Kunikazu},
  year={2000},
  publisher={Technical report, IBM Research Divison, Tokyo Research Laboratory}
}
@misc{dep,
  title={Data Execution Prevention. Changes to Functionality in Microsoft Windows XP Service Pack 2, Part 3: Memory Protection Technologies},
  author={Andersen, Starr and Abella, Vincent},
  year={2004}
}
@inproceedings{aslr,
  title={Enhanced Operating System Security Through Efficient and Fine-grained Address Space Randomization.},
  author={Giuffrida, Cristiano and Kuijsten, Anton and Tanenbaum, Andrew S},
  booktitle={USENIX Security Symposium},
  pages={475--490},
  year={2012}
}
@inproceedings{kpti,
  title={Kaslr is dead: long live kaslr},
  author={Gruss, Daniel and Lipp, Moritz and Schwarz, Michael and Fellner, Richard and Maurice, Cl{\'e}mentine and Mangard, Stefan},
  booktitle={International Symposium on Engineering Secure Software and Systems},
  pages={161--176},
  year={2017},
  organization={Springer}
}
@article{apt,
  title={A study on cyber threat prediction based on intrusion detection event for APT attack detection},
  author={Kim, Yong-Ho and Park, Won Hyung},
  journal={Multimedia tools and applications},
  volume={71},
  number={2},
  pages={685--698},
  year={2014},
  publisher={Springer}
}
@inproceedings{ret2dir,
  title={ret2dir: Rethinking Kernel Isolation.},
  author={Kemerlis, Vasileios P and Polychronakis, Michalis and Keromytis, Angelos D},
  booktitle={USENIX Security Symposium},
  pages={957--972},
  year={2014}
}
@inproceedings{hooksafe,
  title={Countering kernel rootkits with lightweight hook protection},
  author={Wang, Zhi and Jiang, Xuxian and Cui, Weidong and Ning, Peng},
  booktitle={Proceedings of the 16th ACM conference on Computer and communications security},
  pages={545--554},
  year={2009},
  organization={ACM}
}
@inproceedings{sock,
  title={Ensuring operating system kernel integrity with OSck},
  author={Hofmann, Owen S and Dunn, Alan M and Kim, Sangman and Roy, Indrajit and Witchel, Emmett},
  booktitle={ACM SIGARCH Computer Architecture News},
  volume={39},
  number={1},
  pages={279--290},
  year={2011},
  organization={ACM}
}
@inproceedings{kguard,
  title={kGuard: Lightweight Kernel Protection against Return-to-User Attacks.},
  author={Kemerlis, Vasileios P and Portokalidis, Georgios and Keromytis, Angelos D},
  booktitle={USENIX Security Symposium},
  volume={16},
  year={2012}
}
@misc{kspp,
    title = {KKSP 2017. Kernel Self Protection Project wiki},
    howpublished = {\url{http://www.kernsec.org/wiki/index.php/Kernel Self Protection Project}},
    note = {Accessed:2018-03-20}
}
@article{sgx1,
  title={Using innovative instructions to create trustworthy software solutions.},
  author={Hoekstra, Matthew and Lal, Reshma and Pappachan, Pradeep and Phegade, Vinay and Del Cuvillo, Juan},
  journal={HASP@ ISCA},
  volume={11},
  year={2013}
}
@inproceedings{sgx2,
  title={Innovative technology for CPU based attestation and sealing},
  author={Anati, Ittai and Gueron, Shay and Johnson, Simon and Scarlata, Vincent},
  booktitle={Proceedings of the 2nd international workshop on hardware and architectural support for security and privacy},
  volume={13},
  year={2013},
  organization={ACM New York, NY, USA}
}
@article{sgx3,
  title={Innovative instructions and software model for isolated execution.},
  author={McKeen, Frank and Alexandrovich, Ilya and Berenzon, Alex and Rozas, Carlos V and Shafi, Hisham and Shanbhogue, Vedvyas and Savagaonkar, Uday R},
  journal={HASP@ ISCA},
  volume={10},
  year={2013}
}

@misc{sev,
    title = {AMD SEV. AMD Secure Encrypted Virtualization},
    howpublished = {\url{https://developer.amd.com/amd-secure-memory-encryption-sme-amd-secure-encrypted-virtualization-sev/}},
    note = {Accessed:2018-03-20}
}

@article{ki-mon,
  title={KI-Mon ARM: A Hardware-assisted Event-triggered Monitoring Platform for Mutable Kernel Object},
  author={Lee, Hojoon and Moon, Hyungon and Heo, Ingoo and Jang, Daehee and Jang, Jinsoo and Kim, Kihwan and Paek, Yunheung and Kang, Brent},
  journal={IEEE Transactions on Dependable and Secure Computing},
  year={2017},
  publisher={IEEE}
}
@misc{bluepill,
    title = {Introducing blue pill},
    howpublished = {\url{http://www.thefengs.com/wuchang/courses/cs492/BluePill.pdf}},
    note = {Accessed:2018-03-20}
}
@book{xpfo,
  title={Protecting Commodity Operating Systems through Strong Kernel Isolation},
  author={Kemerlis, Vasileios P},
  year={2015},
  publisher={Columbia University}
}
@inproceedings{nest15,
  title={Nested kernel: An operating system architecture for intra-kernel privilege separation},
  author={Dautenhahn, Nathan and Kasampalis, Theodoros and Dietz, Will and Criswell, John and Adve, Vikram},
  booktitle={ACM SIGPLAN Notices},
  volume={50},
  number={4},
  pages={191--206},
  year={2015},
  organization={ACM}
}
@inproceedings{scasoft,
  title={Scalable architectural support for trusted software},
  author={Champagne, David and Lee, Ruby B},
  booktitle={High Performance Computer Architecture (HPCA), 2010 IEEE 16th International Symposium on},
  pages={1--12},
  year={2010},
  organization={IEEE}
}
@inproceedings{vigilare,
  title={Vigilare: toward snoop-based kernel integrity monitor},
  author={Moon, Hyungon and Lee, Hojoon and Lee, Jihoon and Kim, Kihwan and Paek, Yunheung and Kang, Brent Byunghoon},
  booktitle={Proceedings of the 2012 ACM conference on Computer and communications security},
  pages={28--37},
  year={2012},
  organization={ACM}
}
@inproceedings{tzrkp,
  title={Hypervision across worlds: Real-time kernel protection from the arm trustzone secure world},
  author={Azab, Ahmed M and Ning, Peng and Shah, Jitesh and Chen, Quan and Bhutkar, Rohan and Ganesh, Guruprasad and Ma, Jia and Shen, Wenbo},
  booktitle={Proceedings of the 2014 ACM SIGSAC Conference on Computer and Communications Security},
  pages={90--102},
  year={2014},
  organization={ACM}
}
@inproceedings{invariant,
  title={Reliability and security monitoring of virtual machines using hardware architectural invariants},
  author={Pham, Cuong and Estrada, Zachary and Cao, Phuong and Kalbarczyk, Zbigniew and Iyer, Ravishankar K},
  booktitle={Dependable Systems and Networks (DSN), 2014 44th Annual IEEE/IFIP International Conference on},
  pages={13--24},
  year={2014},
  organization={IEEE}
}
@inproceedings{dynahook,
  title={Dynamic Hooks: Hiding Control Flow Changes within Non-Control Data.},
  author={Vogl, Sebastian and Gawlik, Robert and Garmany, Behrad and Kittel, Thomas and Pfoh, Jonas and Eckert, Claudia and Holz, Thorsten},
  booktitle={USENIX Security Symposium},
  pages={813--828},
  year={2014}
}
@inproceedings{autocf,
  title={Automated detection of persistent kernel control-flow attacks},
  author={Petroni Jr, Nick L and Hicks, Michael},
  booktitle={Proceedings of the 14th ACM conference on Computer and communications security},
  pages={103--115},
  year={2007},
  organization={ACM}
}
@inproceedings{outbox,
  title={Stealthy malware detection through vmm-based out-of-the-box semantic view reconstruction},
  author={Jiang, Xuxian and Wang, Xinyuan and Xu, Dongyan},
  booktitle={Proceedings of the 14th ACM conference on Computer and communications security},
  pages={128--138},
  year={2007},
  organization={ACM}
}
@inproceedings{strider,
  title={Detecting stealth software with strider ghostbuster},
  author={Wang, Y-M and Beck, Doug and Vo, Binh and Roussev, Roussi and Verbowski, Chad},
  booktitle={Dependable Systems and Networks, 2005. DSN 2005. Proceedings. International Conference on},
  pages={368--377},
  year={2005},
  organization={IEEE}
}
@inproceedings{kerdynal,
  title={An Architecture for Specification-Based Detection of Semantic Integrity Violations in Kernel Dynamic Data.},
  author={Petroni Jr, Nick L and Fraser, Timothy and Walters, AAron and Arbaugh, William A},
  booktitle={USENIX Security Symposium},
  year={2006}
}
@inproceedings{coplilot,
  title={Copilot-a Coprocessor-based Kernel Runtime Integrity Monitor.},
  author={Petroni Jr, Nick L and Fraser, Timothy and Molina, Jesus and Arbaugh, William A},
  booktitle={USENIX Security Symposium},
  pages={179--194},
  year={2004},
  organization={San Diego, USA}
}
@inproceedings{seccloud,
  title={Eliminating the hypervisor attack surface for a more secure cloud},
  author={Szefer, Jakub and Keller, Eric and Lee, Ruby B and Rexford, Jennifer},
  booktitle={Proceedings of the 18th ACM conference on Computer and communications security},
  pages={401--412},
  year={2011},
  organization={ACM}
}
@inproceedings{nova,
  title={NOVA: a microhypervisor-based secure virtualization architecture},
  author={Steinberg, Udo and Kauer, Bernhard},
  booktitle={Proceedings of the 5th European conference on Computer systems},
  pages={209--222},
  year={2010},
  organization={ACM}
}
@inproceedings{break,
  title={Breaking up is hard to do: security and functionality in a commodity hypervisor},
  author={Colp, Patrick and Nanavati, Mihir and Zhu, Jun and Aiello, William and Coker, George and Deegan, Tim and Loscocco, Peter and Warfield, Andrew},
  booktitle={Proceedings of the Twenty-Third ACM Symposium on Operating Systems Principles},
  pages={189--202},
  year={2011},
  organization={ACM}
}
@inproceedings{hyperSafe,
  title={Hypersafe: A lightweight approach to provide lifetime hypervisor control-flow integrity},
  author={Wang, Zhi and Jiang, Xuxian},
  booktitle={Security and Privacy (SP), 2010 IEEE Symposium on},
  pages={380--395},
  year={2010},
  organization={IEEE}
}
@inproceedings{hypersentry,
  title={HyperSentry: enabling stealthy in-context measurement of hypervisor integrity},
  author={Azab, Ahmed M and Ning, Peng and Wang, Zhi and Jiang, Xuxian and Zhang, Xiaolan and Skalsky, Nathan C},
  booktitle={Proceedings of the 17th ACM conference on Computer and communications security},
  pages={38--49},
  year={2010},
  organization={ACM}
}
@inproceedings{memsafe,
  title={Memory Safety for Low-Level Software/Hardware Interactions.},
  author={Criswell, John and Geoffray, Nicolas and Adve, Vikram S},
  booktitle={USENIX Security Symposium},
  pages={83--100},
  year={2009}
}
@inproceedings{sel413,
  title={seL4: from general purpose to a proof of information flow enforcement},
  author={Murray, Toby and Matichuk, Daniel and Brassil, Matthew and Gammie, Peter and Bourke, Timothy and Seefried, Sean and Lewis, Corey and Gao, Xin and Klein, Gerwin},
  booktitle={Security and Privacy (SP), 2013 IEEE Symposium on},
  pages={415--429},
  year={2013},
  organization={IEEE}
}
@inproceedings{sel4,
  title={seL4: Formal verification of an OS kernel},
  author={Klein, Gerwin and Elphinstone, Kevin and Heiser, Gernot and Andronick, June and Cock, David and Derrin, Philip and Elkaduwe, Dhammika and Engelhardt, Kai and Kolanski, Rafal and Norrish, Michael and others},
  booktitle={Proceedings of the ACM SIGOPS 22nd symposium on Operating systems principles},
  pages={207--220},
  year={2009},
  organization={ACM}
}
@inproceedings{osck,
  title={Ensuring operating system kernel integrity with OSck},
  author={Hofmann, Owen S and Dunn, Alan M and Kim, Sangman and Roy, Indrajit and Witchel, Emmett},
  booktitle={ACM SIGARCH Computer Architecture News},
  volume={39},
  number={1},
  pages={279--290},
  year={2011},
  organization={ACM}
}
@inproceedings{vmi,
  title={A Virtual Machine Introspection Based Architecture for Intrusion Detection.},
  author={Garfinkel, Tal and Rosenblum, Mendel and others},
  booktitle={Ndss},
  volume={3},
  number={2003},
  pages={191--206},
  year={2003}
}
@inproceedings{secarch,
  title={Lares: An architecture for secure active monitoring using virtualization},
  author={Payne, Bryan D and Carbone, Martim and Sharif, Monirul and Lee, Wenke},
  booktitle={Security and Privacy, 2008. SP 2008. IEEE Symposium on},
  pages={233--247},
  year={2008},
  organization={IEEE}
}
@inproceedings{codeinject,
  title={Architectural supports to protect OS kernels from code-injection attacks},
  author={Moon, Hyungon and Lee, Jinyong and Hwang, Dongil and Jung, Seonhwa and Seo, Jiwon and Paek, Yunheung},
  booktitle={Proceedings of the Hardware and Architectural Support for Security and Privacy 2016},
  pages={5},
  year={2016},
  organization={ACM}
}
@inproceedings{nestkernel,
  title={Nested kernel: An operating system architecture for intra-kernel privilege separation},
  author={Dautenhahn, Nathan and Kasampalis, Theodoros and Dietz, Will and Criswell, John and Adve, Vikram},
  booktitle={ACM SIGPLAN Notices},
  volume={50},
  number={4},
  pages={191--206},
  year={2015},
  organization={ACM}
}
@inproceedings{hyperbina,
  title={Hypervisor Support for Identifying Covertly Executing Binaries.},
  author={Litty, Lionel and Lagar-Cavilla, H Andr{\'e}s and Lie, David},
  booktitle={USENIX Security Symposium},
  pages={243--258},
  year={2008}
}
@inproceedings{vmmshadow,
  title={Guest-transparent prevention of kernel rootkits with vmm-based memory shadowing},
  author={Riley, Ryan and Jiang, Xuxian and Xu, Dongyan},
  booktitle={International Workshop on Recent Advances in Intrusion Detection},
  pages={1--20},
  year={2008},
  organization={Springer}
}
@inproceedings{secvisor,
  title={SecVisor: A tiny hypervisor to provide lifetime kernel code integrity for commodity OSes},
  author={Seshadri, Arvind and Luk, Mark and Qu, Ning and Perrig, Adrian},
  booktitle={ACM SIGOPS Operating Systems Review},
  volume={41},
  number={6},
  pages={335--350},
  year={2007},
  organization={ACM}
}
@article{SPIN,
  title={Extensibility safety and performance in the SPIN operating system},
  author={Bershad, Brian N and Savage, Stefan and Pardyak, Przemyslaw and Sirer, Emin G{\"u}n and Fiuczynski, Marc E and Becker, David and Chambers, Craig and Eggers, Susan},
  journal={ACM SIGOPS Operating Systems Review},
  volume={29},
  number={5},
  pages={267--283},
  year={1995},
  publisher={ACM}
}
@inproceedings{dune,
  title={Dune: Safe User-level Access to Privileged CPU Features.},
  author={Belay, Adam and Bittau, Andrea and Mashtizadeh, Ali Jos{\'e} and Terei, David and Mazi{\`e}res, David and Kozyrakis, Christos},
  booktitle={Osdi},
  volume={12},
  pages={335--348},
  year={2012}
}
@inproceedings{simrootkit,
  title={A forced sampled execution approach to kernel rootkit identification},
  author={Wilhelm, Jeffrey and Chiueh, Tzi-cker},
  booktitle={International Workshop on Recent Advances in Intrusion Detection},
  pages={219--235},
  year={2007},
  organization={Springer}
}
@inproceedings{detrootkit,
  title={Detecting kernel-level rootkits through binary analysis},
  author={Kruegel, Christopher and Robertson, William and Vigna, Giovanni},
  booktitle={Computer Security Applications Conference, 2004. 20th Annual},
  pages={91--100},
  year={2004},
  organization={IEEE}
}
@misc{drisign,
    title = {Driver Signing for Windows},
    howpublished = {\url{http://www.microsoft.com/resources/documentation/windows/xp/all/proddocs/en-us/code\_signing.mspx?mfr=true}},
    note = {Accessed:2018-03-20}
}
@article{condata,
  title={Virtual machine time travel using continuous data protection and checkpointing},
  author={Ta-Shma, Paula and Laden, Guy and Ben-Yehuda, Muli and Factor, Michael},
  journal={ACM SIGOPS Operating Systems Review},
  volume={42},
  number={1},
  pages={127--134},
  year={2008},
  publisher={ACM}
}
@inproceedings{hyperdata,
  title={Using hypervisor to provide data secrecy for user applications on a per-page basis},
  author={Yang, Jisoo and Shin, Kang G},
  booktitle={Proceedings of the fourth ACM SIGPLAN/SIGOPS international conference on Virtual execution environments},
  pages={71--80},
  year={2008},
  organization={ACM}
}
@inproceedings{hypercheck,
  title={Hypercheck: A hardware-assisted integrity monitor},
  author={Wang, Jiang and Stavrou, Angelos and Ghosh, Anup},
  booktitle={International Workshop on Recent Advances in Intrusion Detection},
  pages={158--177},
  year={2010},
  organization={Springer}
}
@inproceedings{hima,
  title={HIMA: A hypervisor-based integrity measurement agent},
  author={Azab, Ahmed M and Ning, Peng and Sezer, Emre C and Zhang, Xiaolan},
  booktitle={Computer Security Applications Conference, 2009. ACSAC'09. Annual},
  pages={461--470},
  year={2009},
  organization={IEEE}
}
@misc{ikgt,
    title = {Intel® kernel guard technology},
    howpublished = {\url{https://01.org/zh/intel-kgt}},
    note = {Accessed:2018-03-20}
}
@inproceedings{ensosck,
  title={Ensuring operating system kernel integrity with OSck},
  author={Hofmann, Owen S and Dunn, Alan M and Kim, Sangman and Roy, Indrajit and Witchel, Emmett},
  booktitle={ACM SIGARCH Computer Architecture News},
  volume={39},
  number={1},
  pages={279--290},
  year={2011},
  organization={ACM}
}
@inproceedings{sok,
  title={Sok: Eternal war in memory},
  author={Szekeres, Laszlo and Payer, Mathias and Wei, Tao and Song, Dawn},
  booktitle={Security and Privacy (SP), 2013 IEEE Symposium on},
  pages={48--62},
  year={2013},
  organization={IEEE}
}
@inproceedings{ptrand,
  title={PT-Rand: practical mitigation of data-only attacks against page tables},
  author={Davi, Lucas and Gens, David and Liebchen, Christopher and Ahmad-Reza, S},
  booktitle={24th Annual Network and Distributed System Security Symposium. NDSS},
  year={2017}
}
@article{cfisurvey,
  title={Control-flow integrity principles, implementations, and applications},
  author={Abadi, Mart{\'\i}n and Budiu, Mihai and Erlingsson, {\'U}lfar and Ligatti, Jay},
  journal={ACM Transactions on Information and System Security (TISSEC)},
  volume={13},
  number={1},
  pages={4},
  year={2009},
  publisher={ACM}
}






